% Artykuł w recenzowanym czasopiśmie.
@article{szczypiorski2015,
    author    = {Szczypiorski, K. and Janicki, A. and Wendzel, S},
    title     = {{T}he {G}ood, {T}he {B}ad {A}nd {T}he {U}gly: {E}valuation of {W}i-{F}i {S}teganography},
    journal   = {Journal of Communications},
    volume    = {10},
    number    = {10},
    pages     = {747--752},
    publisher = {Journal of Communications (JCM)},
    year      = {2015}
}

% Książka.
@book{goossens93,
    author    = {Michel Goossens and Frank Mittelbach and Alexander Samarin},
    title     = {The LaTeX Companion},
    publisher = {Addison-Wesley},
    address   = {Reading, Massachusetts},
    year      = {1993}
}

% Fragment książki (np. zakres stron).
@inbook{wang97,
    author    = {Hao Wang},
    title     = {A Logical Journey: From G{\"o}del to Philosophy.},
    publisher = {A Bradford Book},
    pages     = {316},
    year      = {1997}
}

% Fragment książki (np. esej), posiadający własny tytuł.
@incollection{goedel95,
    author    = {Kurt G{\"o}del},
    title     = {Texts relating to the ontological proof},
    booktitle = {Unpublished Essays and Lectures},
    publisher = {Oxford University Press},
    pages     = {429--437},
    year      = {1995}
}

% Publikacja konferencyjna.
@inproceedings{benzmuller2014,
    author       = {{Ch}. Benzmuller and B. W. Paleo},
    title        = {Automating {G\"o}del’s {O}ntological {P}roof of {G}od’s {E}xistence with {H}igher-order {A}utomated {T}heorem {P}rovers},
    booktitle    = {European	Conference on Artificial Intelligence},
    publisher    = {IOS Press},
    howpublished = {Dostęp zdalny (10.04.2019): \url{http://page.mi.fu-berlin.de/cbenzmueller/papers/C40.pdf}},
    year         = {2014}
}

% Raport techniczny.
@techreport{duqu2011,
    author      = {Bencsáth, B. and Pék, G. and Buttyán, L. and Félegyházi M.},
    title       = {{D}uqu: {A} {S}tuxnet-like malware found in the wild},
    institution = {Laboratory of Cryptography and System Security, Hungary},
    year        = {2011}
}

% Specyfikacja techniczna.
@manual{shs2015,
    title        = {{FIPS} 180-4: {S}ecure {H}ash {S}tandard ({SHS})},
    howpublished = {Dostęp zdalny (13.03.2019): \url{https://nvlpubs.nist.gov/nistpubs/FIPS/NIST.FIPS.180-4.pdf}},
    year         = {2015}
}

% Praca magisterska.
@mastersthesis{wozniak2018,
    author = {Woźniak, Piotr},
    title  = {{P}rogramowanie kwadratowe w usuwaniu efektu rozmycia ruchu w fotografii cyfrowej},
    school = {Wydział Elektroniki i Technik Informacyjnych, Politechnika Warszawska},
    year   = {2018}
}

% Nieopublikowany artykuł, dostępny np. tylko w internecie.
@unpublished{koons2005,
    author = {Koons, Robert C.},
    title  = {{S}obel on {G\"o}del’s {O}ntological {P}roof},
    note   = {Dostęp zdalny (25.04.2019): \url{http://www.robkoons.net/media/69b0dd04a9d2fc6dffff80b4ffffd524.pdf}},
    year   = {2005}
}

% Źródło innego typu, np. repozytorium na GitHubie.
@misc{dcp19,
    author       = {Brodzki, Artur M.},
    title        = {{I}mplementation of own steganography protocol {DCP}-19, loosely based on {HICCUPS}},
    howpublished = {Dostęp zdalny (14.03.2019): \url{https://github.com/ArturB/DCP-19}},
    year         = {2019}
}

@inbook{bialaksiega2019,
  author         = {Darowska, Małgorzata and Kutwa, Krzysztof},
  title          = {Biała Księga Rynku Bezzałogowych Statków Powietrznych},
  publisher      = {Polski Instytut Ekonomiczny},
  address        = {Warszawa},
  year           = {2019},
  isbn           = {978-83-61284-74-1},
  pages          = {51},
}

@misc{eu-945-2019,
  author       = {{Komisja Europejska}},
  title        = {Rozporządzenie delegowane Komisji (UE) 2019/945 z dnia 12 marca 2019 r. w sprawie bezzałogowych systemów powietrznych oraz operatorów bezzałogowych systemów powietrznych z państw trzecich},
  url          = {https://eur-lex.europa.eu/eli/reg_impl/2019/947/oj/pol},
  urldate      = {2021-08-01},
  year         = {2019}
}

@misc{ulc2019,
  author       = {{Urząd Lotnictwa Cywilnego}},
  title        = {Bezzałogowe statki powietrzne - Informacje ogólne},
  url          = {https://ulc.gov.pl/pl/drony/informacje-ogolne},
  urldate      = {2021-08-01},
  year         = {2019}
}

@techreport{rfc4180,
  author       = {Shafranovich, Y.},
  title        = {Common Format and MIME Type for Comma-Separated Values (CSV) Files},
  howpublished = {Internet Requests for Comments},
  type         = {RFC},
  number       = {4180},
  institution  = {SolidMatrix Technologies, Inc.},
  year         = {2005},
  url          = {https://datatracker.ietf.org/doc/html/rfc4180},
  urldate      = {2021-08-01},
}

@techreport{jsonschema2020,
  author      = {Dennis, G. and Wright, A. and Andrews, H. and Hutton, B.},
  title       = {JSON Schema: A Media Type for Describing JSON Documents},
  institution = {Internet Engineering Task Force},
  year        = {2020},
  url         = {https://datatracker.ietf.org/doc/html/draft-bhutton-json-schema-00},
  urldate     = {2021-08-01},
}